%database overview

@misc{DBDefinition,
Title={Database},
Author={{Merriam-Webster}},
Year={2017},
note={Accessed March 29, 2017}, url={https://www.merriam-webster.com/dictionary/database}
}

@misc{PriceComp:2013,
Title={Sample Pricing Comparison: On-Premise vs. Private Hosting vs. Cloud Computing},
Author={Herve Roggero},
Year={2013},
note={Accessed March 29, 2017},
url={http://wblo.gs/dbE}
}

@misc{DataBreaches:2017,
  title = {Chronology of data breaches},
  Author={{Privacy Rights Clearinghouse}},
  url={http://privacyrights.org/data-breach},
  year={2017},
  note = {Accessed March 29, 2017}
}

@techreport{CloudSecSurvey:2016,
  url = {https://pages.cloudpassage.com/rs/857-FXQ-213/images/cloud-security-survey-report-2016.pdf},
  year  = {2016},
  institution = {CloudPassage},
  author = {Holger Schulze},
  title = {Cloud Security Spotlight Report}
}

@techreport{CloudBusRev:2015,
  url = {https://www.oracle.com/webfolder/s/delivery_production/docs/FY15h1/doc16/HBR-Oracle-Report-webview.pdf},
  year  = {2015},
  institution = {Harvard Business School},
  author = {Oracle},
  title = {Cloud Computing Comes of Age}
}

@misc{DBCost:2013,
  title = {The Real Cost of Enterprise Database Software},
  Author={Chris Buckel},
  url={https://flashdba.com/2013/09/10/the-real-cost-of-enterprise-database-software/},
  year={2013},
  note = {Accessed April 3, 2017}
}


%privacy preserving database

@inproceedings{CryptDB:2011,
  title={CryptDB: protecting confidentiality with encrypted query processing},
  author={Popa, Raluca Ada and Redfield, Catherine and Zeldovich, Nickolai and Balakrishnan, Hari},
  booktitle={Proceedings of the Twenty-Third ACM Symposium on Operating Systems Principles},
  pages={85--100},
  year={2011},
  organization={ACM}
}

@inproceedings{Cipherbase:2013,
  title={Orthogonal Security with Cipherbase.},
  author={Arasu, Arvind and Blanas, Spyros and Eguro, Ken and Kaushik, Raghav and Kossmann, Donald and Ramamurthy, Ravishankar and Venkatesan, Ramarathnam},
  booktitle={CIDR},
  year={2013},
  organization={Citeseer}
}

@techreport{Ciphercloud:2015,
  url={http://pages.ciphercloud.com/Guide-to-Cloud-Data-Protection.html},
  year  = {2015},
  institution = {CipherCloud},
  title = {Guide to Cloud Data Protection},
  author={{CipherCloud}}
}

@article{ZeroDB:2016,
  title={ZeroDB white paper},
  author={Egorov, Michael and Wilkison, MacLane},
  journal={arXiv preprint arXiv:1602.07168},
  year={2016}
}

@misc{Arx:2016,
    author = {Rishabh Poddar and Tobias Boelter and Raluca Ada Popa},
    title = {Arx: A Strongly Encrypted Database System},
    howpublished = {Cryptology ePrint Archive, Report 2016/591},
    year = {2016},
    note = {\url{http://eprint.iacr.org/2016/591}},
}

%cryptosystems

  @article{RSA:1978,
  title={A method for obtaining digital signatures and public-key cryptosystems},
  author={Rivest, Ronald L and Shamir, Adi and Adleman, Leonard},
  journal={Communications of the ACM},
  volume={21},
  number={2},
  pages={120--126},
  year={1978},
  publisher={ACM}
}

@inproceedings{ElGamal:1984,
  title={A public key cryptosystem and a signature scheme based on discrete logarithms},
  author={ElGamal, Taher},
  booktitle={Advances in cryptology},
  pages={10--18},
  year={1984},
  organization={Springer}
 }
 
 @article{ECelgamal:1987,
  title={Elliptic curve cryptosystems},
  author={Koblitz, Neal},
  journal={Mathematics of computation},
  volume={48},
  number={177},
  pages={203--209},
  year={1987}
}
 
 @article{Rijndael:1999,
  title={AES proposal: Rijndael},
  author={Daemen, Joan and Rijmen, Vincent},
  year={1999}
}
 
 @inproceedings{Paillier:1999,
  title={Public-key cryptosystems based on composite degree residuosity classes},
  author={Paillier, Pascal},
  booktitle={Advances in cryptology - EUROCRYPT'99},
  pages={223--238},
  year={1999},
  organization={Springer}
}

@INPROCEEDINGS{SWP:2000,
author={Dawn Xiaoding Song and Wagner, D. and Perrig, A.},
booktitle={Security and Privacy, 2000. S P 2000. Proceedings. 2000 IEEE Symposium on},
title={Practical techniques for searches on encrypted data},
year={2000},
pages={44-55},
keywords={computational complexity;cryptography;data privacy;file servers;information retrieval;theorem proving;arbitrary word;block cipher operations;ciphertext;communication overhead;controlled searching;crypto systems;cryptographic schemes;data confidentiality;data storage servers;encrypted data;encrypted data searches;encryption;file servers;hidden queries;mail servers;plaintext;privacy risks;provable secrecy;query isolation;search result;secret word;security proofs;stream cipher;untrusted server;user authorization;Authorization;Contracts;Cryptography;Data privacy;Data security;Electronic mail;File servers;Memory;Postal services;US Government agencies},
doi={10.1109/SECPRI.2000.848445},
ISSN={1081-6011},
month={},}


@inproceedings{AES:2001,
  title={Announcing the ADVANCED ENCRYPTION STANDARD {(AES)}},
  author={{Federal Information Processing Standards Publication 197}},
  year={2001},
  url={https://doi.org/10.6028/NIST.FIPS.197},
  organization={{NIST}}
}


@inproceedings{BCLO:2009,
  title={Order-preserving symmetric encryption.},
  author={Boldyreva, Alexandra and Chenette, Nathan and Lee, Younho and O'neill, Adam and others},
  booktitle={Eurocrypt},
  volume={5479},
  pages={224--241},
  year={2009},
  organization={Springer}
}

@phdthesis{FirstFHE:2009,
  title={A fully homomorphic encryption scheme},
  author={Gentry, Craig},
  year={2009},
  school={Stanford University}
}

@inproceedings{LSMV:2011,
  title={On CCA-secure somewhat homomorphic encryption},
  author={Loftus, Jake and May, Alexander and Smart, Nigel P and Vercauteren, Frederik},
  booktitle={Selected Areas in Cryptography},
  pages={55--72},
  year={2011},
  organization={Springer}
}

@inproceedings{LTV:2012,
  title={On-the-fly multiparty computation on the cloud via multikey fully homomorphic encryption},
  author={L{\'o}pez-Alt, Adriana and Tromer, Eran and Vaikuntanathan, Vinod},
  booktitle={Proceedings of the forty-fourth annual ACM symposium on Theory of computing},
  pages={1219--1234},
  year={2012},
  organization={ACM}
}

@article{JOINalgorithm:2012,
  title={Cryptographic treatment of CryptDB's adjustable join},
  author={Popa, Raluca Ada and Zeldovich, Nickolai},
  year={2012}
}

@inproceedings{YASHE:2013,
  title={Improved security for a ring-based fully homomorphic encryption scheme},
  author={Bos, Joppe W and Lauter, Kristin and Loftus, Jake and Naehrig, Michael},
  booktitle={IMA International Conference on Cryptography and Coding},
  pages={45--64},
  year={2013},
  organization={Springer}
}

@inproceedings{mOPE:2013,
  title={An ideal-security protocol for order-preserving encoding},
  author={Popa, Raluca Ada and Li, Frank H and Zeldovich, Nickolai},
  booktitle={Security and Privacy (SP), 2013 IEEE Symposium on},
  pages={463--477},
  year={2013},
  organization={IEEE}
}

%About Homomorphic

@article{HomomorphicDef:1978,
  title={On data banks and privacy homomorphisms},
  author={Rivest, R. and Adleman, L. and Dertouzos, M.},
  journal={Foundations of secure computation},
  volume={4},
  number={11},
  pages={169--180},
  year={1978},
  publisher={Citeseer}
}

@inproceedings{FHEImpractical:2011,
 author = {Bajaj, Sumeet and Sion, Radu},
 title = {TrustedDB: A Trusted Hardware Based Database with Privacy and Data Confidentiality},
 booktitle = {Proceedings of the 2011 ACM SIGMOD International Conference on Management of Data},
 series = {SIGMOD '11},
 year = {2011},
 isbn = {978-1-4503-0661-4},
 location = {Athens, Greece},
 pages = {205--216},
 numpages = {12},
 url = {http://doi.acm.org/10.1145/1989323.1989346},
 doi = {10.1145/1989323.1989346},
 acmid = {1989346},
 publisher = {ACM},
 address = {New York, NY, USA},
 keywords = {database, trusted hardware},
}

%Construction blocks

@inproceedings{GarbledCircuits:1986,
  title={How to generate and exchange secrets},
  author={Yao, Andrew Chi-Chih},
  booktitle={Foundations of Computer Science, 1986., 27th Annual Symposium on},
  pages={162--167},
  year={1986},
  organization={IEEE}
}

%About CryptDB

@article{CryptDBGuidelines:2015,
  title={Guidelines for Using the CryptDB System Securely.},
  author={Popa, Raluca Ada and Zeldovich, Nickolai and Balakrishnan, Hari},
  journal={IACR Cryptology ePrint Archive},
  volume={2015},
  pages={979},
  year={2015}
}

%concepts
@article{ShannonOTP:1949,
  title={Communication theory of secrecy systems},
  author={Shannon, Claude E},
  journal={Bell Labs Technical Journal},
  volume={28},
  number={4},
  pages={656--715},
  year={1949},
  publisher={Wiley Online Library}
}


@book{PRF-PRP:2005,
  title={Introduction to modern cryptography},
  author={Bellare, Mihir and Rogaway, Phillip},
  journal={Ucsd Cse},
  url={https://cseweb.ucsd.edu/~mihir/cse207/classnotes.html},
  year={2005}
}

@book{PRP-PRF:1999,
  title={Lecture notes on cryptography},
  author={Goldwasser, Shafi and Bellare, Mihir},
  journal={Summer course “Cryptography and computer security” at MIT},
  volume={1999},
  year={1996}
}

@inproceedings{ModeofOperation:2001,
  title={Block Cipher Modes},
  year={2017},
  url={http://csrc.nist.gov/groups/ST/toolkit/BCM/index.html},
  organization={{NIST}},
  note = {Accessed July 2, 2017}
}

@misc{CBC:1978,
  title={Message verification and transmission error detection by block chaining},
  author={Ehrsam, William F and Meyer, Carl HW and Smith, John L and Tuchman, Walter L},
  year={1978},
  month=feb # "~14",
  publisher={Google Patents},
  note={US Patent 4,074,066}
}

@misc{PKCS7:2009,
  title={Request for Comments (RFC) 5652},
  year={2009},
  url={https://tools.ietf.org/html/rfc5652},
  organization={{IETF}},
  note = {Accessed July 3, 2017}
}

@inproceedings{CTR:2000,
  title={CTR-mode encryption},
  author={Lipmaa, Helger and Rogaway, Phillip and Wagner, David},
  booktitle={First NIST Workshop on Modes of Operation},
  year={2000}
}

@inproceedings{CMC:2003,
  title={A tweakable enciphering mode},
  author={Halevi, Shai and Rogaway, Phillip},
  booktitle={Annual International Cryptology Conference},
  pages={482--499},
  year={2003},
  organization={Springer}
}

@inproceedings{Indistinguishability:1998,
  title={Relations among notions of security for public-key encryption schemes},
  author={Bellare, Mihir and Desai, Anand and Pointcheval, David and Rogaway, Phillip},
  booktitle={Advances in Cryptology-CRYPTO'98},
  pages={26--45},
  year={1998},
  organization={Springer}
}

@misc{ModesOperationCPA:2017,
  title={Cryptography I},
  year={2017},
  url={https://www.coursera.org/learn/crypto/home/welcome},
  author={Boneh, Dan}
  organization={Stanford},
  note = {Accessed July 12, 2017}
}

@book{FiniteFields:1994,
  title={Introduction to finite fields and their applications},
  author={Lidl, Rudolf and Niederreiter, Harald},
  year={1994},
  publisher={Cambridge university press}
}

@book{EllipticCurves:2009,
  title={The arithmetic of elliptic curves},
  author={Silverman, Joseph H},
  volume={106},
  year={2009},
  publisher={Springer Science \& Business Media}
}

@phdthesis{CompositeResiduosity:1987,
  title={Verifiable Secret-Ballot Elections,},
  author={Benaloh, Josh Daniel Cohen},
  year={1987},
  school={Yale University}
}

@book{HAC:1996,
  title={Handbook of applied cryptography},
  author={Menezes, Alfred J and Van Oorschot, Paul C and Vanstone, Scott A},
  year={1996},
  publisher={CRC press}
}

@book{TimeComplexity:2010,
  title={Modern computer arithmetic},
  author={Brent, Richard P and Zimmermann, Paul},
  volume={18},
  year={2010},
  publisher={Cambridge University Press}
}

%attacks

@inproceedings{InferenceAttacks:2015,
  title={Inference attacks on property-preserving encrypted databases},
  author={Naveed, Muhammad and Kamara, Seny and Wright, Charles V},
  booktitle={Proceedings of the 22nd ACM SIGSAC Conference on Computer and Communications Security},
  pages={644--655},
  year={2015},
  organization={ACM}
}

@article{AttackOPE:2012,
  title={On The Limits of Privacy Provided by Order-Preserving Encryption},
  author={Kolesnikov, Vladimir and Shikfa, Abdullatif},
  journal={Bell Labs Technical Journal},
  volume={17},
  number={3},
  pages={135--146},
  year={2012},
  publisher={Wiley Online Library}
}

@article{AESattack:2011,
  title={Biclique cryptanalysis of the full AES},
  author={Bogdanov, Andrey and Khovratovich, Dmitry and Rechberger, Christian},
  journal={Advances in cryptology--ASIACRYPT 2011},
  pages={344--371},
  year={2011},
  publisher={Springer}
}

@inproceedings{OPElimitations:2016,
  title={What else is revealed by order-revealing encryption?},
  author={Durak, F Bet{\"u}l and DuBuisson, Thomas M and Cash, David},
  booktitle={Proceedings of the 2016 ACM SIGSAC Conference on Computer and Communications Security},
  pages={1155--1166},
  year={2016},
  organization={ACM}
}

@article{PaillierINDCCA1:2013,
  title={Group homomorphic encryption: characterizations, impossibility results, and applications},
  author={Armknecht, Frederik and Katzenbeisser, Stefan and Peter, Andreas},
  journal={Designs, codes and cryptography},
  pages={1--24},
  year={2013},
  publisher={Springer}
}

%hashes

@inproceedings{SHA2:2015,
  title={Secure Hash Standard {(SHS)}},
  author={{Federal Information Processing Standards Publication 180-4}},
  year={2015},
  url={http://dx.doi.org/10.6028/NIST.FIPS.180-4},
  organization={{NIST}}
}

@inproceedings{SHA3:2015,
  title={{SHA-3} Standard:  Permutation-Based Hash and 
Extendable-Output Functions},
  author={{Federal Information Processing Standards Publication 202}},
  year={2015},
  url={http://dx.doi.org/10.6028/NIST.FIPS.202},
  organization={{NIST}}
}

@techreport{Blake2:2015,
  title={The BLAKE2 cryptographic hash and message authentication code (MAC)},
  author={Saarinen, MJ and Aumasson, JP},
  year={2015}
}

@article{SHA1attack:2017,
  title={The first collision for full SHA-1.},
  author={Stevens, Marc and Bursztein, Elie and Karpman, Pierre and Albertini, Ange and Markov, Yarik},
  journal={IACR Cryptology ePrint Archive},
  volume={2017},
  pages={23},
  year={2017}
}


%new PHE

@inproceedings{NewPHEinspiration:2005,
  title={Efficient aggregation of encrypted data in wireless sensor networks},
  author={Castelluccia, Claude and Mykletun, Einar and Tsudik, Gene},
  booktitle={Mobile and Ubiquitous Systems: Networking and Services, 2005. MobiQuitous 2005. The Second Annual International Conference on},
  pages={109--117},
  year={2005},
  organization={IEEE}
}

@article{LehmerGCD:1938,
  title={Euclid's algorithm for large numbers},
  author={Lehmer, Derrick H},
  journal={American Mathematical Monthly},
  pages={227--233},
  year={1938},
  publisher={JSTOR}
}

@incollection{GNFS:1993,
  title={The number field sieve},
  author={Lenstra, Arjen K and Lenstra Jr, Hendrik W and Manasse, Mark S and Pollard, John M},
  booktitle={The development of the number field sieve},
  pages={11--42},
  year={1993},
  publisher={Springer}
}

@article{ClosestAttack:2009,
  title={Reconstructing RSA private keys from random key bits},
  author={Heninger, Nadia and Shacham, Hovav},
  journal={Advances in Cryptology-CRYPTO 2009},
  pages={1--17},
  year={2009},
  publisher={Springer}
}

@article{LehmerPRNG:1969,
  title={Coding the Lehmer pseudo-random number generator},
  author={Payne, WH and Rabung, John R and Bogyo, TP},
  journal={Communications of the ACM},
  volume={12},
  number={2},
  pages={85--86},
  year={1969},
  publisher={ACM}
}

@inproceedings{Elligator:2013,
  title={Elligator: Elliptic-curve points indistinguishable from uniform random strings},
  author={Bernstein, Daniel J and Hamburg, Mike and Krasnova, Anna and Lange, Tanja},
  booktitle={Proceedings of the 2013 ACM SIGSAC conference on Computer \& communications security},
  pages={967--980},
  year={2013},
  organization={ACM}
}

@inproceedings{StringECmap:2013,
  title={Injective encodings to elliptic curves},
  author={Fouque, Pierre-Alain and Joux, Antoine and Tibouchi, Mehdi},
  booktitle={Australasian Conference on Information Security and Privacy},
  pages={203--218},
  year={2013},
  organization={Springer}
}

@misc{RELIC,
    author = {D. F. Aranha and C. P. L. Gouv\^{e}a},
    title = {{RELIC is an Efficient LIbrary for Cryptography}},
    howpublished = {\url{https://github.com/relic-toolkit/relic}},
}

@inproceedings{Curve25519:2006,
  title={Curve25519: new Diffie-Hellman speed records},
  author={Bernstein, Daniel J},
  booktitle={International Workshop on Public Key Cryptography},
  pages={207--228},
  year={2006},
  organization={Springer}
}